
   <marc:record>
      <marc:leader>     cam a22        4500</marc:leader>
      <marc:controlfield tag="001">398040672</marc:controlfield>
      <marc:controlfield tag="003">DE-576</marc:controlfield>
      <marc:controlfield tag="005">20201206053323.0</marc:controlfield>
      <marc:controlfield tag="007">tu</marc:controlfield>
      <marc:controlfield tag="008">131127s2013    xx |||||      00| ||eng c</marc:controlfield>
      <marc:datafield tag="016" ind1="7" ind2=" ">
         <marc:subfield code="a">199811121</marc:subfield>
         <marc:subfield code="2">DE-101</marc:subfield>
      </marc:datafield>
      <marc:datafield tag="020" ind1=" " ind2=" ">
         <marc:subfield code="a">9781576471968</marc:subfield>
         <marc:subfield code="c">(hbk.) No price</marc:subfield>
         <marc:subfield code="9">978-1-57647-196-8</marc:subfield>
      </marc:datafield>
      <marc:datafield tag="020" ind1=" " ind2=" ">
         <marc:subfield code="a">1576471969</marc:subfield>
         <marc:subfield code="c">(hbk.) No price</marc:subfield>
         <marc:subfield code="9">1-57647-196-9</marc:subfield>
      </marc:datafield>
      <marc:datafield tag="035" ind1=" " ind2=" ">
         <marc:subfield code="a">(DE-627)1468040677</marc:subfield>
      </marc:datafield>
      <marc:datafield tag="035" ind1=" " ind2=" ">
         <marc:subfield code="a">(DE-576)398040672</marc:subfield>
      </marc:datafield>
      <marc:datafield tag="035" ind1=" " ind2=" ">
         <marc:subfield code="a">(DE-599)BSZ398040672</marc:subfield>
      </marc:datafield>
      <marc:datafield tag="035" ind1=" " ind2=" ">
         <marc:subfield code="a">(OCoLC)985588775</marc:subfield>
      </marc:datafield>
      <marc:datafield tag="040" ind1=" " ind2=" ">
         <marc:subfield code="a">DE-576</marc:subfield>
         <marc:subfield code="b">ger</marc:subfield>
         <marc:subfield code="c">DE-576</marc:subfield>
         <marc:subfield code="e">rda</marc:subfield>
      </marc:datafield>
      <marc:datafield tag="041" ind1=" " ind2=" ">
         <marc:subfield code="a">eng</marc:subfield>
      </marc:datafield>
      <marc:datafield tag="084" ind1=" " ind2=" ">
         <marc:subfield code="a">LP 22605</marc:subfield>
         <marc:subfield code="2">rvk</marc:subfield>
         <marc:subfield code="0">(DE-625)rvk/105986:</marc:subfield>
      </marc:datafield>
      <marc:datafield tag="100" ind1="1" ind2=" ">
         <marc:subfield code="a">Kendall, G. Yvonne</marc:subfield>
         <marc:subfield code="d">1954-</marc:subfield>
         <marc:subfield code="e">VerfasserIn</marc:subfield>
         <marc:subfield code="0">(DE-588)1031272887</marc:subfield>
         <marc:subfield code="0">(DE-627)736102795</marc:subfield>
         <marc:subfield code="0">(DE-576)378708961</marc:subfield>
         <marc:subfield code="4">aut</marc:subfield>
      </marc:datafield>
      <marc:datafield tag="245" ind1="1" ind2="4">
         <marc:subfield code="a">The music of Arbeau's Orchésographie</marc:subfield>
         <marc:subfield code="c">by G. Yvonne Kendall</marc:subfield>
      </marc:datafield>
      <marc:datafield tag="263" ind1=" " ind2=" ">
         <marc:subfield code="a">Erscheint: 01. Januar 2012</marc:subfield>
      </marc:datafield>
      <marc:datafield tag="264" ind1=" " ind2="1">
         <marc:subfield code="a">Hillsdale, N.Y.</marc:subfield>
         <marc:subfield code="b">Pendragon</marc:subfield>
         <marc:subfield code="c">2013</marc:subfield>
      </marc:datafield>
      <marc:datafield tag="300" ind1=" " ind2=" ">
         <marc:subfield code="a">XIII, 351 Seiten</marc:subfield>
         <marc:subfield code="b">Illustrationen, Notenbeispiele</marc:subfield>
      </marc:datafield>
      <marc:datafield tag="336" ind1=" " ind2=" ">
         <marc:subfield code="a">Text</marc:subfield>
         <marc:subfield code="b">txt</marc:subfield>
         <marc:subfield code="2">rdacontent</marc:subfield>
      </marc:datafield>
      <marc:datafield tag="337" ind1=" " ind2=" ">
         <marc:subfield code="a">ohne Hilfsmittel zu benutzen</marc:subfield>
         <marc:subfield code="b">n</marc:subfield>
         <marc:subfield code="2">rdamedia</marc:subfield>
      </marc:datafield>
      <marc:datafield tag="338" ind1=" " ind2=" ">
         <marc:subfield code="a">Band</marc:subfield>
         <marc:subfield code="b">nc</marc:subfield>
         <marc:subfield code="2">rdacarrier</marc:subfield>
      </marc:datafield>
      <marc:datafield tag="490" ind1="1" ind2=" ">
         <marc:subfield code="a">Wendy Hilton dance &amp; music series</marc:subfield>
         <marc:subfield code="v">No. 17</marc:subfield>
      </marc:datafield>
      <marc:datafield tag="500" ind1=" " ind2=" ">
         <marc:subfield code="a">Enth. Werke von Elias Ammerbach, Thoinot Arbeau, Pierre Attaingnant, Giovanni Cesare Barbetta, Jean-Baptiste Besard, Antonio Cabezón, Fabritio Caroso, Francisque Caroubel, Pierre Certon, Girolamo dalla Casa, Jean D'Estrée, Estienne du Tertre, Antoine Francisque, Antonio Gardano, Claude Gervaise, Nicolas Gombert, Anthony Holborne, Bernhard Jobin, Sixt Kargel, Adrien Le Roy, Jacques Moderne, Guillaume Morlaye, Alonso Mudarra, Cesare Negri, August Nörmiger, Pierre Phalèse, Michael Praetorius, Claudin de Sermisy, Tielman Susato, Gio. Antonio Terzi, Antonio Valente, Sebastian Vreedman, Adrian Willaert, Gasparo Zannetti und anon. Komp</marc:subfield>
      </marc:datafield>
      <marc:datafield tag="591" ind1=" " ind2=" ">
         <marc:subfield code="a">5550:S1LB/sred2014 ; IMD-Felder und 1131 maschinell ergänzt (SWB)</marc:subfield>
      </marc:datafield>
      <marc:datafield tag="689" ind1="0" ind2="0">
         <marc:subfield code="D">p</marc:subfield>
         <marc:subfield code="0">(DE-588)119024578</marc:subfield>
         <marc:subfield code="0">(DE-627)181076713</marc:subfield>
         <marc:subfield code="0">(DE-576)172549000</marc:subfield>
         <marc:subfield code="a">Arbeau, Thoinot</marc:subfield>
         <marc:subfield code="d">1519-1595</marc:subfield>
         <marc:subfield code="2">gnd</marc:subfield>
      </marc:datafield>
      <marc:datafield tag="689" ind1="0" ind2="1">
         <marc:subfield code="D">s</marc:subfield>
         <marc:subfield code="0">(DE-588)4040802-4</marc:subfield>
         <marc:subfield code="0">(DE-627)104137754</marc:subfield>
         <marc:subfield code="0">(DE-576)209042346</marc:subfield>
         <marc:subfield code="a">Musik</marc:subfield>
         <marc:subfield code="2">gnd</marc:subfield>
      </marc:datafield>
      <marc:datafield tag="689" ind1="0" ind2=" ">
         <marc:subfield code="5">(DE-627)</marc:subfield>
      </marc:datafield>
      <marc:datafield tag="830" ind1=" " ind2="0">
         <marc:subfield code="a">Dance &amp; music series</marc:subfield>
         <marc:subfield code="v">No. 17</marc:subfield>
         <marc:subfield code="9">17</marc:subfield>
         <marc:subfield code="w">(DE-627)243775997</marc:subfield>
         <marc:subfield code="w">(DE-576)9243775995</marc:subfield>
         <marc:subfield code="w">(DE-600)1426986-7</marc:subfield>
      </marc:datafield>
      <marc:datafield tag="936" ind1="r" ind2="v">
         <marc:subfield code="a">LP 22605</marc:subfield>
         <marc:subfield code="b">Arbeau, Thoinot</marc:subfield>
         <marc:subfield code="k">Musikwissenschaft</marc:subfield>
         <marc:subfield code="k">I. Musica theoretica</marc:subfield>
         <marc:subfield code="k">Chronologischer Teil: Musica theoretica</marc:subfield>
         <marc:subfield code="k">Renaissance</marc:subfield>
         <marc:subfield code="k">Einzelne Persönlichkeiten:</marc:subfield>
         <marc:subfield code="k">Persönlichkeiten A</marc:subfield>
         <marc:subfield code="k">Arbeau, Thoinot</marc:subfield>
         <marc:subfield code="0">(DE-627)1271337266</marc:subfield>
         <marc:subfield code="0">(DE-625)rvk/105986:</marc:subfield>
         <marc:subfield code="0">(DE-576)201337266</marc:subfield>
      </marc:datafield>
      <marc:datafield tag="951" ind1=" " ind2=" ">
         <marc:subfield code="a">BO</marc:subfield>
      </marc:datafield>
   </marc:record>